<collection xmlns="http://www.loc.gov/MARC21/slim">
<record>
  <leader>01623nam0a22002891i 450 </leader>
  <controlfield tag="001">IT\ICCU\CNCE\025683</controlfield>
  <controlfield tag="005">20080115000000.0</controlfield>
  <datafield tag="012" ind1=" " ind2=" ">
    <subfield code="a">i-n- i-Co o.S. stre (C) 1591 (A)</subfield>
    <subfield code="2">fei</subfield>
  </datafield>
  <datafield tag="100" ind1=" " ind2=" ">
    <subfield code="a">19970930d1591        0itac0103    ba</subfield>
  </datafield>
  <datafield tag="101" ind1=" " ind2=" ">
    <subfield code="a">ITA</subfield>
  </datafield>
  <datafield tag="102" ind1=" " ind2=" ">
    <subfield code="a">IT</subfield>
  </datafield>
  <datafield tag="200" ind1="1" ind2=" ">
    <subfield code="a">Compendio dell&apos;indulgenze, &amp; privilegi, concessi &amp; nuouamente confermati, ampliati &amp; comunicati da n.s. al ven. Spedale di s. Gio. Calibita di Roma &amp; suoi vfficiali &amp; membri della Congregazione di s. Gio. di Dio. Da potersi anchora comunicare dal m.r. superiore di detto spedale  ̉chi entrer ̉nella Confraternita di s. Gio. Calibita: et  ̉benefattori di detta congregatione, et suoi membri</subfield>
  </datafield>
  <datafield tag="210" ind1=" " ind2=" ">
    <subfield code="a">In Roma</subfield>
    <subfield code="c">Appresso Paolo Blado Stampatore Camerale</subfield>
    <subfield code="d">1591</subfield>
  </datafield>
  <datafield tag="215" ind1=" " ind2=" ">
    <subfield code="a">\38! c.</subfield>
    <subfield code="d">4ʻ</subfield>
  </datafield>
  <datafield tag="620" ind1=" " ind2=" ">
    <subfield code="a">IT</subfield>
    <subfield code="d">Roma</subfield>
  </datafield>
  <datafield tag="710" ind1="0" ind2="2">
    <subfield code="a">Ospedale di S. Giovanni di Dio </subfield>
    <subfield code="c"> &lt;Roma&gt;</subfield>
    <subfield code="3">7498</subfield>
  </datafield>
  <datafield tag="712" ind1="0" ind2="2">
    <subfield code="a">Ospedalieri di S. Giovanni di Dio</subfield>
    <subfield code="3">9412</subfield>
  </datafield>
  <datafield tag="712" ind1="0" ind2="0">
    <subfield code="a">Blado, Paolo</subfield>
    <subfield code="3">IT\ICCU\CNCT\000288</subfield>
    <subfield code="4">650</subfield>
  </datafield>
  <datafield tag="791" ind1="0" ind2="2">
    <subfield code="a">Ospedale di S. Giovanni Calibita</subfield>
    <subfield code="3">28447</subfield>
    <subfield code="z">Ospedale di S. Giovanni di Dio  &lt;Roma&gt;</subfield>
  </datafield>
  <datafield tag="791" ind1="0" ind2="2">
    <subfield code="a">Congregazione del devoto Giovanni di Dio</subfield>
    <subfield code="3">15499</subfield>
    <subfield code="z">Ospedalieri di S. Giovanni di Dio</subfield>
  </datafield>
  <datafield tag="791" ind1="0" ind2="2">
    <subfield code="a">Fatebenefratelli</subfield>
    <subfield code="3">15517</subfield>
    <subfield code="z">Ospedalieri di S. Giovanni di Dio</subfield>
  </datafield>
  <datafield tag="791" ind1="0" ind2="2">
    <subfield code="a">Congregatio Ioannis Dei</subfield>
    <subfield code="3">15558</subfield>
    <subfield code="z">Ospedalieri di S. Giovanni di Dio</subfield>
  </datafield>
  <datafield tag="791" ind1="0" ind2="2">
    <subfield code="a">Ordo hospitalarius S. Ioannis de Deo</subfield>
    <subfield code="3">26205</subfield>
    <subfield code="z">Ospedalieri di S. Giovanni di Dio</subfield>
  </datafield>
  <datafield tag="791" ind1="0" ind2="0">
    <subfield code="a">Bladus, Paulus</subfield>
    <subfield code="3">IT\ICCU\CNCT\004408</subfield>
    <subfield code="z">Blado, Paolo</subfield>
  </datafield>
  <datafield tag="801" ind1=" " ind2="3">
    <subfield code="a">IT</subfield>
    <subfield code="b">ICCU</subfield>
    <subfield code="c">20201114</subfield>
  </datafield>
  <datafield tag="899" ind1=" " ind2=" ">
    <subfield code="a">Biblioteca comunale Augusta. Perugia</subfield>
    <subfield code="1">PG0109</subfield>
    <subfield code="2">UM1 01</subfield>
  </datafield>
  <datafield tag="899" ind1=" " ind2=" ">
    <subfield code="a">Biblioteca nazionale centrale. Roma</subfield>
    <subfield code="1">RM0267</subfield>
    <subfield code="2">BVE CR</subfield>
  </datafield>
</record>
</collection>
